%TDP
@article{sethuraman,
  title={A constructive definition of Dirichlet priors},
  author={Sethuraman, Jayaram},
  journal={Statistica sinica},
  pages={639--650},
  year={1994},
  publisher={JSTOR}
}

@article{ishwaran2000,
  title={Markov chain Monte Carlo in approximate Dirichlet and beta two-parameter process hierarchical models},
  author={Ishwaran, Hemant and Zarepour, Mahmoud},
  journal={Biometrika},
  volume={87},
  number={2},
  pages={371--390},
  year={2000},
  publisher={Oxford University Press}
}

@article{ishwaran2002sum,
  title={Exact and approximate sum representations for the Dirichlet process},
  author={Ishwaran, Hemant and Zarepour, Mahmoud},
  journal={Canadian Journal of Statistics},
  volume={30},
  number={2},
  pages={269--283},
  year={2002},
  publisher={Wiley Online Library}
}

%Software
@article{edger2010,
  title={edgeR: a Bioconductor package for differential expression analysis of digital gene expression data},
  author={Robinson, Mark D and McCarthy, Davis J and Smyth, Gordon K},
  journal={Bioinformatics},
  volume={26},
  number={1},
  pages={139--140},
  year={2010},
  publisher={Oxford University Press}
}

@article{deseq2014,
  title={Moderated estimation of fold change and dispersion for RNA-seq data with DESeq2},
  author={Love, Michael I and Huber, Wolfgang and Anders, Simon},
  journal={Genome biology},
  volume={15},
  number={12},
  pages={550},
  year={2014},
  publisher={BioMed Central}
}

%MISC
@article{tanner,
  title={The calculation of posterior distributions by data augmentation},
  author={Tanner, Martin A and Wong, Wing Hung},
  journal={Journal of the American statistical Association},
  volume={82},
  number={398},
  pages={528--540},
  year={1987},
  publisher={Taylor \& Francis Group}
}

